@article{lukas,
author = {Luk√°s, Jan and Fridrich, Jessica and Goljan, Miroslav},
year = {2006},
month = {07},
pages = {205 - 214},
title = {Digital Camera Identification From Sensor Pattern Noise},
volume = {1},
journal = {Information Forensics and Security, IEEE Transactions on},
doi = {10.1109/TIFS.2006.873602}
}